<?xml version="1.0" encoding="UTF-8"?><record xmlns="http://www.loc.gov/MARC21/slim" xmlns:cinclude="http://apache.org/cocoon/include/1.0" xmlns:zs="http://www.loc.gov/zing/srw/">
  <leader>00770cz  a2200145n  4500</leader>
  <controlfield tag="001">n  87864288 </controlfield>
  <controlfield tag="003">DLC</controlfield>
  <controlfield tag="005">20120731082104.0</controlfield>
  <controlfield tag="008">890714n| acannaab           |a ana     b</controlfield>
  <datafield tag="010" ind1=" " ind2=" ">
    <subfield code="a">n  87864288 </subfield>
  </datafield>
  <datafield tag="040" ind1=" " ind2=" ">
    <subfield code="a">DNLM</subfield>
    <subfield code="b">eng</subfield>
    <subfield code="c">DLC</subfield>
    <subfield code="d">DLC</subfield>
  </datafield>
  <datafield tag="111" ind1="2" ind2=" ">
    <subfield code="a">Symposium on Drug Metabolizing Enzyme Systems</subfield>
    <subfield code="d">(1986 :</subfield>
    <subfield code="c">Bulgarian Academy of Sciences)</subfield>
  </datafield>
  <datafield tag="411" ind1="2" ind2=" ">
    <subfield code="a">Symposium Drug Metabolizing Enzyme Systems</subfield>
    <subfield code="d">(1986 :</subfield>
    <subfield code="c">Bulgarian Academy of Sciences)</subfield>
  </datafield>
  <datafield tag="667" ind1=" " ind2=" ">
    <subfield code="a">THIS 1XX FIELD CANNOT BE USED UNDER RDA UNTIL THIS RECORD HAS BEEN REVIEWED AND/OR UPDATED</subfield>
  </datafield>
  <datafield tag="670" ind1=" " ind2=" ">
    <subfield code="a">Its Symposium on ... 1986:</subfield>
    <subfield code="b">t.p. (Symposium on Drug Metabolizing Enzyme Systems, Sofia, May 20-22, 1986) p. 8, etc. (held in the guest house of the Bulgarian Academy of Sciences, Sofia; Symposium Drug Metabolizing Enzyme Systems)</subfield>
  </datafield>
</record>